@misc{Britton,
  author = {Tom Britton and Gianpaolo Scalia Tomba},
  title = {Estimation in emerging epidemics: biases and remedies},
  year = {2018},
  eprint = {arXiv:1803.01688}
}

@article{Lintusaari,
  author  = {Jarno Lintusaari and Henri Vuollekoski and Antti Kangasr{\"a}{\"a}si{\"o} and Kusti Skyt{\'e}n and Marko J{\"a}rvenp{\"a}{\"a} and Pekka Marttinen and Michael U. Gutmann and Aki Vehtari and Jukka Corander and Samuel Kaski},
  title   = {ELFI: Engine for Likelihood-Free Inference},
  journal = {Journal of Machine Learning Research},
  year    = {2018},
  volume  = {19},
  number  = {16},
  pages   = {1-7},
  url     = {http://jmlr.org/papers/v19/17-374.html}
}